%YAML 1.1
%TAG !u! tag:unity3d.com,2011:
--- !u!1 &1283406533224905239
GameObject:
  m_ObjectHideFlags: 0
  m_CorrespondingSourceObject: {fileID: 0}
  m_PrefabInstance: {fileID: 0}
  m_PrefabAsset: {fileID: 0}
  serializedVersion: 6
  m_Component:
  - component: {fileID: 1283406533224905243}
  - component: {fileID: 1283406533224905242}
  - component: {fileID: 1283406533224905237}
  - component: {fileID: 1283406533224905236}
  m_Layer: 5
  m_Name: InfoCanvasSrikaew
  m_TagString: Untagged
  m_Icon: {fileID: 0}
  m_NavMeshLayer: 0
  m_StaticEditorFlags: 0
  m_IsActive: 0
--- !u!224 &1283406533224905243
RectTransform:
  m_ObjectHideFlags: 0
  m_CorrespondingSourceObject: {fileID: 0}
  m_PrefabInstance: {fileID: 0}
  m_PrefabAsset: {fileID: 0}
  m_GameObject: {fileID: 1283406533224905239}
  m_LocalRotation: {x: 0, y: 0, z: 0, w: 1}
  m_LocalPosition: {x: 0, y: 0, z: 0}
  m_LocalScale: {x: 0, y: 0, z: 0}
  m_Children:
  - {fileID: 1283406534383274065}
  - {fileID: 1283406533419182397}
  m_Father: {fileID: 0}
  m_RootOrder: 0
  m_LocalEulerAnglesHint: {x: 0, y: 0, z: 0}
  m_AnchorMin: {x: 0, y: 0}
  m_AnchorMax: {x: 0, y: 0}
  m_AnchoredPosition: {x: 0, y: 0}
  m_SizeDelta: {x: 0, y: 0}
  m_Pivot: {x: 0, y: 0}
--- !u!223 &1283406533224905242
Canvas:
  m_ObjectHideFlags: 0
  m_CorrespondingSourceObject: {fileID: 0}
  m_PrefabInstance: {fileID: 0}
  m_PrefabAsset: {fileID: 0}
  m_GameObject: {fileID: 1283406533224905239}
  m_Enabled: 1
  serializedVersion: 3
  m_RenderMode: 0
  m_Camera: {fileID: 0}
  m_PlaneDistance: 100
  m_PixelPerfect: 0
  m_ReceivesEvents: 1
  m_OverrideSorting: 0
  m_OverridePixelPerfect: 0
  m_SortingBucketNormalizedSize: 0
  m_AdditionalShaderChannelsFlag: 25
  m_SortingLayerID: 0
  m_SortingOrder: 0
  m_TargetDisplay: 0
--- !u!114 &1283406533224905237
MonoBehaviour:
  m_ObjectHideFlags: 0
  m_CorrespondingSourceObject: {fileID: 0}
  m_PrefabInstance: {fileID: 0}
  m_PrefabAsset: {fileID: 0}
  m_GameObject: {fileID: 1283406533224905239}
  m_Enabled: 1
  m_EditorHideFlags: 0
  m_Script: {fileID: 11500000, guid: 0cd44c1031e13a943bb63640046fad76, type: 3}
  m_Name: 
  m_EditorClassIdentifier: 
  m_UiScaleMode: 0
  m_ReferencePixelsPerUnit: 100
  m_ScaleFactor: 1
  m_ReferenceResolution: {x: 800, y: 600}
  m_ScreenMatchMode: 0
  m_MatchWidthOrHeight: 0
  m_PhysicalUnit: 3
  m_FallbackScreenDPI: 96
  m_DefaultSpriteDPI: 96
  m_DynamicPixelsPerUnit: 1
--- !u!114 &1283406533224905236
MonoBehaviour:
  m_ObjectHideFlags: 0
  m_CorrespondingSourceObject: {fileID: 0}
  m_PrefabInstance: {fileID: 0}
  m_PrefabAsset: {fileID: 0}
  m_GameObject: {fileID: 1283406533224905239}
  m_Enabled: 1
  m_EditorHideFlags: 0
  m_Script: {fileID: 11500000, guid: dc42784cf147c0c48a680349fa168899, type: 3}
  m_Name: 
  m_EditorClassIdentifier: 
  m_IgnoreReversedGraphics: 1
  m_BlockingObjects: 0
  m_BlockingMask:
    serializedVersion: 2
    m_Bits: 4294967295
--- !u!1 &1283406533419182396
GameObject:
  m_ObjectHideFlags: 0
  m_CorrespondingSourceObject: {fileID: 0}
  m_PrefabInstance: {fileID: 0}
  m_PrefabAsset: {fileID: 0}
  serializedVersion: 6
  m_Component:
  - component: {fileID: 1283406533419182397}
  - component: {fileID: 1283406533419182275}
  - component: {fileID: 1283406533419182274}
  m_Layer: 5
  m_Name: TextInfo
  m_TagString: Untagged
  m_Icon: {fileID: 0}
  m_NavMeshLayer: 0
  m_StaticEditorFlags: 0
  m_IsActive: 1
--- !u!224 &1283406533419182397
RectTransform:
  m_ObjectHideFlags: 0
  m_CorrespondingSourceObject: {fileID: 0}
  m_PrefabInstance: {fileID: 0}
  m_PrefabAsset: {fileID: 0}
  m_GameObject: {fileID: 1283406533419182396}
  m_LocalRotation: {x: 0, y: 0, z: 0, w: 1}
  m_LocalPosition: {x: 0, y: 0, z: 0}
  m_LocalScale: {x: 1, y: 1, z: 1}
  m_Children: []
  m_Father: {fileID: 1283406533224905243}
  m_RootOrder: 1
  m_LocalEulerAnglesHint: {x: 0, y: 0, z: 0}
  m_AnchorMin: {x: 0.5, y: 0.5}
  m_AnchorMax: {x: 0.5, y: 0.5}
  m_AnchoredPosition: {x: 10.7, y: 15.7}
  m_SizeDelta: {x: 200, y: 158.3}
  m_Pivot: {x: 0.5, y: 0.5}
--- !u!222 &1283406533419182275
CanvasRenderer:
  m_ObjectHideFlags: 0
  m_CorrespondingSourceObject: {fileID: 0}
  m_PrefabInstance: {fileID: 0}
  m_PrefabAsset: {fileID: 0}
  m_GameObject: {fileID: 1283406533419182396}
  m_CullTransparentMesh: 0
--- !u!114 &1283406533419182274
MonoBehaviour:
  m_ObjectHideFlags: 0
  m_CorrespondingSourceObject: {fileID: 0}
  m_PrefabInstance: {fileID: 0}
  m_PrefabAsset: {fileID: 0}
  m_GameObject: {fileID: 1283406533419182396}
  m_Enabled: 1
  m_EditorHideFlags: 0
  m_Script: {fileID: 11500000, guid: 5f7201a12d95ffc409449d95f23cf332, type: 3}
  m_Name: 
  m_EditorClassIdentifier: 
  m_Material: {fileID: 0}
  m_Color: {r: 0.19607843, g: 0.19607843, b: 0.19607843, a: 1}
  m_RaycastTarget: 1
  m_Maskable: 1
  m_OnCullStateChanged:
    m_PersistentCalls:
      m_Calls: []
  m_FontData:
    m_Font: {fileID: 12800000, guid: a517f6eb764296b4195f4d245d6866e0, type: 3}
    m_FontSize: 15
    m_FontStyle: 0
    m_BestFit: 0
    m_MinSize: 1
    m_MaxSize: 49
    m_Alignment: 1
    m_AlignByGeometry: 0
    m_RichText: 1
    m_HorizontalOverflow: 0
    m_VerticalOverflow: 1
    m_LineSpacing: 1
  m_Text: "\u0E40\u0E1B\u0E47\u0E19\u0E04\u0E19\u0E21\u0E35\u0E15\u0E30\u0E1A\u0E30
    \u0E21\u0E37\u0E2D\u0E2B\u0E19\u0E31\u0E01 \u0E40\u0E21\u0E37\u0E48\u0E2D\u0E42\u0E21\u0E42\u0E2B\u0E43\u0E04\u0E23\u0E01\u0E47\u0E08\u0E30\u0E15\u0E1A\u0E14\u0E49\u0E27\u0E22\u0E21\u0E37\u0E2D\u0E2B\u0E23\u0E37\u0E2D
    \u0E0A\u0E19\u0E14\u0E49\u0E27\u0E22\u0E28\u0E23\u0E35\u0E29\u0E30 \u0E40\u0E1B\u0E47\u0E19\u0E04\u0E19\u0E08\u0E23\u0E34\u0E07
    \u0E2A\u0E39\u0E49\u0E04\u0E19 \u0E04\u0E48\u0E2D\u0E19\u0E02\u0E49\u0E32\u0E07\u0E21\u0E35\u0E28\u0E35\u0E25\u0E18\u0E23\u0E23\u0E21
    \u0E21\u0E35\u0E25\u0E31\u0E01\u0E29\u0E13\u0E30\u0E23\u0E39\u0E1B\u0E23\u0E48\u0E32\u0E07
    \u0E2D\u0E49\u0E27\u0E19\u0E40\u0E15\u0E35\u0E49\u0E22 \u0E1C\u0E34\u0E27\u0E14\u0E33
    \u0E2B\u0E31\u0E27\u0E25\u0E49\u0E32\u0E19 \u0E19\u0E38\u0E48\u0E07\u0E42\u0E08\u0E19\u0E01\u0E23\u0E30\u0E40\u0E1A\u0E19\u0E25\u0E32\u0E22\u0E15\u0E32\u0E2B\u0E21\u0E32\u0E01\u0E23\u0E38\u0E01
    \u0E08\u0E30\u0E42\u0E21\u0E42\u0E2B\u0E21\u0E32\u0E01\u0E16\u0E49\u0E32\u0E16\u0E39\u0E01\u0E25\u0E49\u0E2D\u0E40\u0E23\u0E35\u0E22\u0E19\u0E27\u0E48\u0E32\u0E40\u0E2B\u0E21\u0E37\u0E2D\u0E19\u0E1E\u0E23\u0E30
    \u0E40\u0E1B\u0E47\u0E19\u0E04\u0E19\u0E1E\u0E39\u0E14\u0E0A\u0E49\u0E32\u0E46\u0E41\u0E25\u0E30\u0E0A\u0E31\u0E14\u0E40\u0E08\u0E19
    \u0E21\u0E35\u0E04\u0E39\u0E48\u0E2B\u0E39\u0E36\u0E37\u0E2D\u0E19\u0E32\u0E22\u0E22\u0E2D\u0E14\u0E17\u0E2D\u0E07"
--- !u!1 &1283406534383274064
GameObject:
  m_ObjectHideFlags: 0
  m_CorrespondingSourceObject: {fileID: 0}
  m_PrefabInstance: {fileID: 0}
  m_PrefabAsset: {fileID: 0}
  serializedVersion: 6
  m_Component:
  - component: {fileID: 1283406534383274065}
  - component: {fileID: 1283406534383274071}
  - component: {fileID: 1283406534383274070}
  m_Layer: 5
  m_Name: TextHeader
  m_TagString: Untagged
  m_Icon: {fileID: 0}
  m_NavMeshLayer: 0
  m_StaticEditorFlags: 0
  m_IsActive: 1
--- !u!224 &1283406534383274065
RectTransform:
  m_ObjectHideFlags: 0
  m_CorrespondingSourceObject: {fileID: 0}
  m_PrefabInstance: {fileID: 0}
  m_PrefabAsset: {fileID: 0}
  m_GameObject: {fileID: 1283406534383274064}
  m_LocalRotation: {x: 0, y: 0, z: 0, w: 1}
  m_LocalPosition: {x: 0, y: 0, z: 0}
  m_LocalScale: {x: 1, y: 1, z: 1}
  m_Children: []
  m_Father: {fileID: 1283406533224905243}
  m_RootOrder: 0
  m_LocalEulerAnglesHint: {x: 0, y: 0, z: 0}
  m_AnchorMin: {x: 0.5, y: 0.5}
  m_AnchorMax: {x: 0.5, y: 0.5}
  m_AnchoredPosition: {x: 46.8, y: 115.4}
  m_SizeDelta: {x: 160, y: 30}
  m_Pivot: {x: 0.5, y: 0.5}
--- !u!222 &1283406534383274071
CanvasRenderer:
  m_ObjectHideFlags: 0
  m_CorrespondingSourceObject: {fileID: 0}
  m_PrefabInstance: {fileID: 0}
  m_PrefabAsset: {fileID: 0}
  m_GameObject: {fileID: 1283406534383274064}
  m_CullTransparentMesh: 0
--- !u!114 &1283406534383274070
MonoBehaviour:
  m_ObjectHideFlags: 0
  m_CorrespondingSourceObject: {fileID: 0}
  m_PrefabInstance: {fileID: 0}
  m_PrefabAsset: {fileID: 0}
  m_GameObject: {fileID: 1283406534383274064}
  m_Enabled: 1
  m_EditorHideFlags: 0
  m_Script: {fileID: 11500000, guid: 5f7201a12d95ffc409449d95f23cf332, type: 3}
  m_Name: 
  m_EditorClassIdentifier: 
  m_Material: {fileID: 0}
  m_Color: {r: 0.19607843, g: 0.19607843, b: 0.19607843, a: 1}
  m_RaycastTarget: 1
  m_Maskable: 1
  m_OnCullStateChanged:
    m_PersistentCalls:
      m_Calls: []
  m_FontData:
    m_Font: {fileID: 12800000, guid: a517f6eb764296b4195f4d245d6866e0, type: 3}
    m_FontSize: 24
    m_FontStyle: 0
    m_BestFit: 0
    m_MinSize: 10
    m_MaxSize: 49
    m_Alignment: 0
    m_AlignByGeometry: 0
    m_RichText: 1
    m_HorizontalOverflow: 0
    m_VerticalOverflow: 0
    m_LineSpacing: 1
  m_Text: "\u0E19\u0E32\u0E22\u0E2A\u0E35\u0E41\u0E01\u0E49\u0E27"
