%YAML 1.1
%TAG !u! tag:unity3d.com,2011:
--- !u!1 &1542323842745388934
GameObject:
  m_ObjectHideFlags: 0
  m_CorrespondingSourceObject: {fileID: 0}
  m_PrefabInstance: {fileID: 0}
  m_PrefabAsset: {fileID: 0}
  serializedVersion: 6
  m_Component:
  - component: {fileID: 8362155837342096523}
  - component: {fileID: 6849861192884876398}
  - component: {fileID: 7816846420768625959}
  - component: {fileID: 5185200886501020442}
  m_Layer: 5
  m_Name: GhostImage
  m_TagString: Untagged
  m_Icon: {fileID: 0}
  m_NavMeshLayer: 0
  m_StaticEditorFlags: 0
  m_IsActive: 1
--- !u!224 &8362155837342096523
RectTransform:
  m_ObjectHideFlags: 0
  m_CorrespondingSourceObject: {fileID: 0}
  m_PrefabInstance: {fileID: 0}
  m_PrefabAsset: {fileID: 0}
  m_GameObject: {fileID: 1542323842745388934}
  m_LocalRotation: {x: 0, y: 0, z: 0, w: 1}
  m_LocalPosition: {x: 0, y: 0, z: 0}
  m_LocalScale: {x: 1, y: 1, z: 1}
  m_Children: []
  m_Father: {fileID: 5585501243311215501}
  m_RootOrder: 0
  m_LocalEulerAnglesHint: {x: 0, y: 0, z: 0}
  m_AnchorMin: {x: 0.5, y: 0.5}
  m_AnchorMax: {x: 0.5, y: 0.5}
  m_AnchoredPosition: {x: 0, y: -25.06}
  m_SizeDelta: {x: 150, y: 150}
  m_Pivot: {x: 0.5, y: 0.5}
--- !u!222 &6849861192884876398
CanvasRenderer:
  m_ObjectHideFlags: 0
  m_CorrespondingSourceObject: {fileID: 0}
  m_PrefabInstance: {fileID: 0}
  m_PrefabAsset: {fileID: 0}
  m_GameObject: {fileID: 1542323842745388934}
  m_CullTransparentMesh: 0
--- !u!114 &7816846420768625959
MonoBehaviour:
  m_ObjectHideFlags: 0
  m_CorrespondingSourceObject: {fileID: 0}
  m_PrefabInstance: {fileID: 0}
  m_PrefabAsset: {fileID: 0}
  m_GameObject: {fileID: 1542323842745388934}
  m_Enabled: 0
  m_EditorHideFlags: 0
  m_Script: {fileID: 11500000, guid: fe87c0e1cc204ed48ad3b37840f39efc, type: 3}
  m_Name: 
  m_EditorClassIdentifier: 
  m_Material: {fileID: 0}
  m_Color: {r: 1, g: 1, b: 1, a: 0.7058824}
  m_RaycastTarget: 0
  m_Maskable: 1
  m_OnCullStateChanged:
    m_PersistentCalls:
      m_Calls: []
  m_Sprite: {fileID: 21300000, guid: f09db04f23fb69a4297d60c3d0310b55, type: 3}
  m_Type: 0
  m_PreserveAspect: 0
  m_FillCenter: 1
  m_FillMethod: 4
  m_FillAmount: 1
  m_FillClockwise: 1
  m_FillOrigin: 0
  m_UseSpriteMesh: 0
  m_PixelsPerUnitMultiplier: 1
--- !u!114 &5185200886501020442
MonoBehaviour:
  m_ObjectHideFlags: 0
  m_CorrespondingSourceObject: {fileID: 0}
  m_PrefabInstance: {fileID: 0}
  m_PrefabAsset: {fileID: 0}
  m_GameObject: {fileID: 1542323842745388934}
  m_Enabled: 1
  m_EditorHideFlags: 0
  m_Script: {fileID: 11500000, guid: 67785c5a06aeb1748b3275fc53a09f20, type: 3}
  m_Name: 
  m_EditorClassIdentifier: 
--- !u!1 &1566648695336360935
GameObject:
  m_ObjectHideFlags: 0
  m_CorrespondingSourceObject: {fileID: 0}
  m_PrefabInstance: {fileID: 0}
  m_PrefabAsset: {fileID: 0}
  serializedVersion: 6
  m_Component:
  - component: {fileID: 4335186276266938946}
  - component: {fileID: 244350891053502286}
  - component: {fileID: 2596619090146899966}
  m_Layer: 0
  m_Name: NameText (TMP)
  m_TagString: Untagged
  m_Icon: {fileID: 0}
  m_NavMeshLayer: 0
  m_StaticEditorFlags: 0
  m_IsActive: 1
--- !u!224 &4335186276266938946
RectTransform:
  m_ObjectHideFlags: 0
  m_CorrespondingSourceObject: {fileID: 0}
  m_PrefabInstance: {fileID: 0}
  m_PrefabAsset: {fileID: 0}
  m_GameObject: {fileID: 1566648695336360935}
  m_LocalRotation: {x: -0, y: -0, z: -0, w: 1}
  m_LocalPosition: {x: 0, y: 0, z: 0}
  m_LocalScale: {x: 1, y: 1, z: 1}
  m_Children: []
  m_Father: {fileID: 5485712958547549459}
  m_RootOrder: 0
  m_LocalEulerAnglesHint: {x: 0, y: 0, z: 0}
  m_AnchorMin: {x: 0.5, y: 0.5}
  m_AnchorMax: {x: 0.5, y: 0.5}
  m_AnchoredPosition: {x: 0, y: 0}
  m_SizeDelta: {x: 200, y: 50}
  m_Pivot: {x: 0.5, y: 0.5}
--- !u!222 &244350891053502286
CanvasRenderer:
  m_ObjectHideFlags: 0
  m_CorrespondingSourceObject: {fileID: 0}
  m_PrefabInstance: {fileID: 0}
  m_PrefabAsset: {fileID: 0}
  m_GameObject: {fileID: 1566648695336360935}
  m_CullTransparentMesh: 0
--- !u!114 &2596619090146899966
MonoBehaviour:
  m_ObjectHideFlags: 0
  m_CorrespondingSourceObject: {fileID: 0}
  m_PrefabInstance: {fileID: 0}
  m_PrefabAsset: {fileID: 0}
  m_GameObject: {fileID: 1566648695336360935}
  m_Enabled: 1
  m_EditorHideFlags: 0
  m_Script: {fileID: 11500000, guid: f4688fdb7df04437aeb418b961361dc5, type: 3}
  m_Name: 
  m_EditorClassIdentifier: 
  m_Material: {fileID: 0}
  m_Color: {r: 1, g: 1, b: 1, a: 1}
  m_RaycastTarget: 1
  m_Maskable: 1
  m_OnCullStateChanged:
    m_PersistentCalls:
      m_Calls: []
  m_text: "\u0E2D\u0E49\u0E32\u0E22\u0E40\u0E17\u0E48\u0E07"
  m_isRightToLeft: 0
  m_fontAsset: {fileID: 11400000, guid: a23aa2b3a7355bd438dd7e4c0b697174, type: 2}
  m_sharedMaterial: {fileID: -5860499498968842396, guid: a23aa2b3a7355bd438dd7e4c0b697174,
    type: 2}
  m_fontSharedMaterials: []
  m_fontMaterial: {fileID: 0}
  m_fontMaterials: []
  m_fontColor32:
    serializedVersion: 2
    rgba: 4278190080
  m_fontColor: {r: 0, g: 0, b: 0, a: 1}
  m_enableVertexGradient: 0
  m_colorMode: 3
  m_fontColorGradient:
    topLeft: {r: 1, g: 1, b: 1, a: 1}
    topRight: {r: 1, g: 1, b: 1, a: 1}
    bottomLeft: {r: 1, g: 1, b: 1, a: 1}
    bottomRight: {r: 1, g: 1, b: 1, a: 1}
  m_fontColorGradientPreset: {fileID: 0}
  m_spriteAsset: {fileID: 0}
  m_tintAllSprites: 0
  m_StyleSheet: {fileID: 0}
  m_TextStyleHashCode: -1183493901
  m_overrideHtmlColors: 0
  m_faceColor:
    serializedVersion: 2
    rgba: 4294967295
  m_fontSize: 25
  m_fontSizeBase: 25
  m_fontWeight: 400
  m_enableAutoSizing: 0
  m_fontSizeMin: 18
  m_fontSizeMax: 72
  m_fontStyle: 0
  m_HorizontalAlignment: 2
  m_VerticalAlignment: 256
  m_textAlignment: 65535
  m_characterSpacing: 0
  m_wordSpacing: 0
  m_lineSpacing: 0
  m_lineSpacingMax: 0
  m_paragraphSpacing: 0
  m_charWidthMaxAdj: 0
  m_enableWordWrapping: 1
  m_wordWrappingRatios: 0.4
  m_overflowMode: 0
  m_linkedTextComponent: {fileID: 0}
  parentLinkedComponent: {fileID: 0}
  m_enableKerning: 1
  m_enableExtraPadding: 0
  checkPaddingRequired: 0
  m_isRichText: 1
  m_parseCtrlCharacters: 1
  m_isOrthographic: 1
  m_isCullingEnabled: 0
  m_horizontalMapping: 0
  m_verticalMapping: 0
  m_uvLineOffset: 0
  m_geometrySortingOrder: 0
  m_IsTextObjectScaleStatic: 0
  m_VertexBufferAutoSizeReduction: 1
  m_useMaxVisibleDescender: 1
  m_pageToDisplay: 1
  m_margin: {x: 0, y: 0, z: 0, w: 0}
  m_isUsingLegacyAnimationComponent: 0
  m_isVolumetricText: 0
  m_hasFontAssetChanged: 0
  m_baseMaterial: {fileID: 0}
  m_maskOffset: {x: 0, y: 0, z: 0, w: 0}
--- !u!114 &5151363675340430770
MonoBehaviour:
  m_ObjectHideFlags: 0
  m_CorrespondingSourceObject: {fileID: 0}
  m_PrefabInstance: {fileID: 0}
  m_PrefabAsset: {fileID: 0}
  m_GameObject: {fileID: 4564317088533951395}
  m_Enabled: 1
  m_EditorHideFlags: 0
  m_Script: {fileID: 11500000, guid: 627855c7f81362d41938ffe0b1475957, type: 3}
  m_Name: 
  m_EditorClassIdentifier: 
  m_SynchronizePosition: 1
  m_SynchronizeRotation: 1
  m_SynchronizeScale: 0
  m_UseLocal: 1
--- !u!114 &8076891259443811869
MonoBehaviour:
  m_ObjectHideFlags: 0
  m_CorrespondingSourceObject: {fileID: 0}
  m_PrefabInstance: {fileID: 0}
  m_PrefabAsset: {fileID: 0}
  m_GameObject: {fileID: 4564317088533951395}
  m_Enabled: 1
  m_EditorHideFlags: 0
  m_Script: {fileID: 11500000, guid: aa584fbee541324448dd18d8409c7a41, type: 3}
  m_Name: 
  m_EditorClassIdentifier: 
  ObservedComponentsFoldoutOpen: 1
  Group: 0
  prefixField: -1
  observableSearch: 2
  Synchronization: 3
  OwnershipTransfer: 0
  ObservedComponents:
  - {fileID: 5151363675340430770}
  viewIdField: 0
  InstantiationId: 0
  isRuntimeInstantiated: 0
--- !u!114 &6920920783655901789
MonoBehaviour:
  m_ObjectHideFlags: 0
  m_CorrespondingSourceObject: {fileID: 0}
  m_PrefabInstance: {fileID: 0}
  m_PrefabAsset: {fileID: 0}
  m_GameObject: {fileID: 4564317090370910996}
  m_Enabled: 1
  m_EditorHideFlags: 0
  m_Script: {fileID: 11500000, guid: 627855c7f81362d41938ffe0b1475957, type: 3}
  m_Name: 
  m_EditorClassIdentifier: 
  m_SynchronizePosition: 1
  m_SynchronizeRotation: 1
  m_SynchronizeScale: 0
  m_UseLocal: 1
--- !u!114 &7394265810350302285
MonoBehaviour:
  m_ObjectHideFlags: 0
  m_CorrespondingSourceObject: {fileID: 0}
  m_PrefabInstance: {fileID: 0}
  m_PrefabAsset: {fileID: 0}
  m_GameObject: {fileID: 4564317090370910996}
  m_Enabled: 1
  m_EditorHideFlags: 0
  m_Script: {fileID: 11500000, guid: aa584fbee541324448dd18d8409c7a41, type: 3}
  m_Name: 
  m_EditorClassIdentifier: 
  ObservedComponentsFoldoutOpen: 1
  Group: 0
  prefixField: -1
  observableSearch: 2
  Synchronization: 3
  OwnershipTransfer: 0
  ObservedComponents:
  - {fileID: 6920920783655901789}
  viewIdField: 0
  InstantiationId: 0
  isRuntimeInstantiated: 0
--- !u!114 &8520162632657163177
MonoBehaviour:
  m_ObjectHideFlags: 0
  m_CorrespondingSourceObject: {fileID: 0}
  m_PrefabInstance: {fileID: 0}
  m_PrefabAsset: {fileID: 0}
  m_GameObject: {fileID: 4564317090370910996}
  m_Enabled: 1
  m_EditorHideFlags: 0
  m_Script: {fileID: 11500000, guid: eb35bfc252e3eb34797eb4197726e2fa, type: 3}
  m_Name: 
  m_EditorClassIdentifier: 
  target: {fileID: 0}
  parent: {fileID: 2986447681616003714}
  scaling: 1
  isRotate: 0
  isMirror: 1
  offset: {x: 0, y: 0, z: 0}
  ARObjectFound: 0
  TargetName: ARGameObjectHand
  moveSpeed: 5
  smoothTime: 0.3
--- !u!1 &5163527279660465859
GameObject:
  m_ObjectHideFlags: 0
  m_CorrespondingSourceObject: {fileID: 0}
  m_PrefabInstance: {fileID: 0}
  m_PrefabAsset: {fileID: 0}
  serializedVersion: 6
  m_Component:
  - component: {fileID: 5585501243311215501}
  - component: {fileID: 2269679605909366233}
  - component: {fileID: 6377148692731495252}
  - component: {fileID: 3290957159990902680}
  m_Layer: 5
  m_Name: Canvas
  m_TagString: Untagged
  m_Icon: {fileID: 0}
  m_NavMeshLayer: 0
  m_StaticEditorFlags: 0
  m_IsActive: 1
--- !u!224 &5585501243311215501
RectTransform:
  m_ObjectHideFlags: 0
  m_CorrespondingSourceObject: {fileID: 0}
  m_PrefabInstance: {fileID: 0}
  m_PrefabAsset: {fileID: 0}
  m_GameObject: {fileID: 5163527279660465859}
  m_LocalRotation: {x: 0, y: 0, z: 0, w: 1}
  m_LocalPosition: {x: 0, y: 0, z: 0}
  m_LocalScale: {x: 0, y: 0, z: 0}
  m_Children:
  - {fileID: 8362155837342096523}
  m_Father: {fileID: 2986447681616003714}
  m_RootOrder: 3
  m_LocalEulerAnglesHint: {x: 0, y: 0, z: 0}
  m_AnchorMin: {x: 0, y: 0}
  m_AnchorMax: {x: 0, y: 0}
  m_AnchoredPosition: {x: 0, y: 0}
  m_SizeDelta: {x: 0, y: 0}
  m_Pivot: {x: 0, y: 0}
--- !u!223 &2269679605909366233
Canvas:
  m_ObjectHideFlags: 0
  m_CorrespondingSourceObject: {fileID: 0}
  m_PrefabInstance: {fileID: 0}
  m_PrefabAsset: {fileID: 0}
  m_GameObject: {fileID: 5163527279660465859}
  m_Enabled: 1
  serializedVersion: 3
  m_RenderMode: 0
  m_Camera: {fileID: 0}
  m_PlaneDistance: 100
  m_PixelPerfect: 0
  m_ReceivesEvents: 1
  m_OverrideSorting: 0
  m_OverridePixelPerfect: 0
  m_SortingBucketNormalizedSize: 0
  m_AdditionalShaderChannelsFlag: 0
  m_SortingLayerID: 0
  m_SortingOrder: 0
  m_TargetDisplay: 0
--- !u!114 &6377148692731495252
MonoBehaviour:
  m_ObjectHideFlags: 0
  m_CorrespondingSourceObject: {fileID: 0}
  m_PrefabInstance: {fileID: 0}
  m_PrefabAsset: {fileID: 0}
  m_GameObject: {fileID: 5163527279660465859}
  m_Enabled: 1
  m_EditorHideFlags: 0
  m_Script: {fileID: 11500000, guid: 0cd44c1031e13a943bb63640046fad76, type: 3}
  m_Name: 
  m_EditorClassIdentifier: 
  m_UiScaleMode: 1
  m_ReferencePixelsPerUnit: 100
  m_ScaleFactor: 1
  m_ReferenceResolution: {x: 800, y: 600}
  m_ScreenMatchMode: 0
  m_MatchWidthOrHeight: 0
  m_PhysicalUnit: 3
  m_FallbackScreenDPI: 96
  m_DefaultSpriteDPI: 96
  m_DynamicPixelsPerUnit: 1
--- !u!114 &3290957159990902680
MonoBehaviour:
  m_ObjectHideFlags: 0
  m_CorrespondingSourceObject: {fileID: 0}
  m_PrefabInstance: {fileID: 0}
  m_PrefabAsset: {fileID: 0}
  m_GameObject: {fileID: 5163527279660465859}
  m_Enabled: 1
  m_EditorHideFlags: 0
  m_Script: {fileID: 11500000, guid: dc42784cf147c0c48a680349fa168899, type: 3}
  m_Name: 
  m_EditorClassIdentifier: 
  m_IgnoreReversedGraphics: 1
  m_BlockingObjects: 0
  m_BlockingMask:
    serializedVersion: 2
    m_Bits: 4294967295
--- !u!1 &6071427436343954558
GameObject:
  m_ObjectHideFlags: 0
  m_CorrespondingSourceObject: {fileID: 0}
  m_PrefabInstance: {fileID: 0}
  m_PrefabAsset: {fileID: 0}
  serializedVersion: 6
  m_Component:
  - component: {fileID: 6071427436343954557}
  - component: {fileID: 6786399242301557669}
  - component: {fileID: -8622689028457630853}
  - component: {fileID: -3481501443909626199}
  - component: {fileID: 8997512767676071935}
  - component: {fileID: 1120927622677656053}
  - component: {fileID: 4510941709427001831}
  - component: {fileID: 1913904825890053096}
  - component: {fileID: 5491229514707374263}
  - component: {fileID: 2136171850915847959}
  - component: {fileID: 7936799487907108505}
  m_Layer: 0
  m_Name: 112TengCustomize
  m_TagString: Player
  m_Icon: {fileID: 0}
  m_NavMeshLayer: 0
  m_StaticEditorFlags: 0
  m_IsActive: 1
--- !u!4 &6071427436343954557
Transform:
  m_ObjectHideFlags: 0
  m_CorrespondingSourceObject: {fileID: 0}
  m_PrefabInstance: {fileID: 0}
  m_PrefabAsset: {fileID: 0}
  m_GameObject: {fileID: 6071427436343954558}
  m_LocalRotation: {x: 0, y: 0, z: 0, w: 1}
  m_LocalPosition: {x: 0, y: 0, z: 1}
  m_LocalScale: {x: 1, y: 1, z: 1}
  m_Children:
  - {fileID: 2986447681616003714}
  - {fileID: 5485712958547549459}
  m_Father: {fileID: 0}
  m_RootOrder: 0
  m_LocalEulerAnglesHint: {x: 0, y: 0, z: 0}
--- !u!114 &6786399242301557669
MonoBehaviour:
  m_ObjectHideFlags: 0
  m_CorrespondingSourceObject: {fileID: 0}
  m_PrefabInstance: {fileID: 0}
  m_PrefabAsset: {fileID: 0}
  m_GameObject: {fileID: 6071427436343954558}
  m_Enabled: 1
  m_EditorHideFlags: 0
  m_Script: {fileID: 11500000, guid: aa584fbee541324448dd18d8409c7a41, type: 3}
  m_Name: 
  m_EditorClassIdentifier: 
  ObservedComponentsFoldoutOpen: 1
  Group: 0
  prefixField: -1
  observableSearch: 2
  Synchronization: 3
  OwnershipTransfer: 0
  ObservedComponents:
  - {fileID: -8622689028457630853}
  viewIdField: 0
  InstantiationId: 0
  isRuntimeInstantiated: 0
--- !u!114 &-8622689028457630853
MonoBehaviour:
  m_ObjectHideFlags: 0
  m_CorrespondingSourceObject: {fileID: 0}
  m_PrefabInstance: {fileID: 0}
  m_PrefabAsset: {fileID: 0}
  m_GameObject: {fileID: 6071427436343954558}
  m_Enabled: 1
  m_EditorHideFlags: 0
  m_Script: {fileID: 11500000, guid: 627855c7f81362d41938ffe0b1475957, type: 3}
  m_Name: 
  m_EditorClassIdentifier: 
  m_SynchronizePosition: 1
  m_SynchronizeRotation: 0
  m_SynchronizeScale: 1
  m_UseLocal: 1
--- !u!114 &-3481501443909626199
MonoBehaviour:
  m_ObjectHideFlags: 0
  m_CorrespondingSourceObject: {fileID: 0}
  m_PrefabInstance: {fileID: 0}
  m_PrefabAsset: {fileID: 0}
  m_GameObject: {fileID: 6071427436343954558}
  m_Enabled: 1
  m_EditorHideFlags: 0
  m_Script: {fileID: 11500000, guid: 9e3b9aba81fa1204ba9fbfb87459dd32, type: 3}
  m_Name: 
  m_EditorClassIdentifier: 
--- !u!114 &8997512767676071935
MonoBehaviour:
  m_ObjectHideFlags: 0
  m_CorrespondingSourceObject: {fileID: 0}
  m_PrefabInstance: {fileID: 0}
  m_PrefabAsset: {fileID: 0}
  m_GameObject: {fileID: 6071427436343954558}
  m_Enabled: 1
  m_EditorHideFlags: 0
  m_Script: {fileID: 11500000, guid: 68e794d80951df54f88b2d2dd3a2459d, type: 3}
  m_Name: 
  m_EditorClassIdentifier: 
  playerStatus: 0
  playerPart:
  - {fileID: 4564317088745542408}
  - {fileID: 4564317088425351039}
  - {fileID: 4564317088538455313}
  - {fileID: 4564317089819057944}
  - {fileID: 9146653419920816546}
  - {fileID: 4564317088658839098}
  - {fileID: 4564317089476238185}
  - {fileID: 4564317090336037623}
  - {fileID: 4564317090127201011}
  - {fileID: 4564317090161466431}
  isHit: 0
  boxCollider: {fileID: 4510941709427001831}
  playerPref: {fileID: 4564317088588878919}
  throwZone: {fileID: 7388771813766979371}
  imageObj: {fileID: 1542323842745388934}
  nameString: 
  nameText: {fileID: 2596619090146899966}
  HitHurt: {fileID: 8300000, guid: 46b111f941561b344a6e2cfccad4a36c, type: 3}
  HitDead: {fileID: 8300000, guid: 44b25775a74db6841af8f2beaf3b4b62, type: 3}
  Heal: {fileID: 8300000, guid: 29df8e798230e44128d54040c4971b7f, type: 3}
  PlayerSFX: {fileID: 5491229514707374263}
  mouthIK: {fileID: 4564317088533951393}
  mouthPosA: 0
  mouthPosB: -0.25
  mouthMoveSpeed: 2
  keyDown: 0
  minClampX: -15.7
  maxClampX: 15.7
  minClampY: -6
  maxClampY: 6
  aliveClampX: 15.7
  aliveClampY: 7
  deathClampX: 5
  deathClampY: 3
--- !u!50 &1120927622677656053
Rigidbody2D:
  serializedVersion: 4
  m_ObjectHideFlags: 0
  m_CorrespondingSourceObject: {fileID: 0}
  m_PrefabInstance: {fileID: 0}
  m_PrefabAsset: {fileID: 0}
  m_GameObject: {fileID: 6071427436343954558}
  m_BodyType: 0
  m_Simulated: 1
  m_UseFullKinematicContacts: 0
  m_UseAutoMass: 0
  m_Mass: 1
  m_LinearDrag: 1
  m_AngularDrag: 0.05
  m_GravityScale: 0
  m_Material: {fileID: 0}
  m_Interpolate: 0
  m_SleepingMode: 1
  m_CollisionDetection: 0
  m_Constraints: 4
--- !u!61 &4510941709427001831
BoxCollider2D:
  m_ObjectHideFlags: 0
  m_CorrespondingSourceObject: {fileID: 0}
  m_PrefabInstance: {fileID: 0}
  m_PrefabAsset: {fileID: 0}
  m_GameObject: {fileID: 6071427436343954558}
  m_Enabled: 1
  m_Density: 1
  m_Material: {fileID: 0}
  m_IsTrigger: 1
  m_UsedByEffector: 0
  m_UsedByComposite: 0
  m_Offset: {x: -0.2661932, y: 0.15209031}
  m_SpriteTilingProperty:
    border: {x: 0, y: 0, z: 0, w: 0}
    pivot: {x: 0.5, y: 0.5}
    oldSize: {x: 5.43, y: 8.27}
    newSize: {x: 5.43, y: 8.27}
    adaptiveTilingThreshold: 0.5
    drawMode: 0
    adaptiveTiling: 0
  m_AutoTiling: 0
  serializedVersion: 2
  m_Size: {x: 1.182304, y: 5.34288}
  m_EdgeRadius: 0
--- !u!114 &1913904825890053096
MonoBehaviour:
  m_ObjectHideFlags: 0
  m_CorrespondingSourceObject: {fileID: 0}
  m_PrefabInstance: {fileID: 0}
  m_PrefabAsset: {fileID: 0}
  m_GameObject: {fileID: 6071427436343954558}
  m_Enabled: 1
  m_EditorHideFlags: 0
  m_Script: {fileID: 11500000, guid: 126494ae2a10a34499272ed97a6c9f5d, type: 3}
  m_Name: 
  m_EditorClassIdentifier: 
  logLevel: 1
  ignoreGlobalLogLevel: 0
  recorderInUse: {fileID: 0}
  speakerInUse: {fileID: 2136171850915847959}
  AutoCreateRecorderIfNotFound: 0
  UsePrimaryRecorder: 1
  SetupDebugSpeaker: 1
--- !u!82 &5491229514707374263
AudioSource:
  m_ObjectHideFlags: 0
  m_CorrespondingSourceObject: {fileID: 0}
  m_PrefabInstance: {fileID: 0}
  m_PrefabAsset: {fileID: 0}
  m_GameObject: {fileID: 6071427436343954558}
  m_Enabled: 1
  serializedVersion: 4
  OutputAudioMixerGroup: {fileID: -1600378666220678, guid: 1f7ff67624559bd4980db0b726416477,
    type: 2}
  m_audioClip: {fileID: 0}
  m_PlayOnAwake: 1
  m_Volume: 1
  m_Pitch: 1
  Loop: 0
  Mute: 0
  Spatialize: 0
  SpatializePostEffects: 0
  Priority: 128
  DopplerLevel: 1
  MinDistance: 1
  MaxDistance: 500
  Pan2D: 0
  rolloffMode: 0
  BypassEffects: 0
  BypassListenerEffects: 0
  BypassReverbZones: 0
  rolloffCustomCurve:
    serializedVersion: 2
    m_Curve:
    - serializedVersion: 3
      time: 0
      value: 1
      inSlope: 0
      outSlope: 0
      tangentMode: 0
      weightedMode: 0
      inWeight: 0.33333334
      outWeight: 0.33333334
    - serializedVersion: 3
      time: 1
      value: 0
      inSlope: 0
      outSlope: 0
      tangentMode: 0
      weightedMode: 0
      inWeight: 0.33333334
      outWeight: 0.33333334
    m_PreInfinity: 2
    m_PostInfinity: 2
    m_RotationOrder: 4
  panLevelCustomCurve:
    serializedVersion: 2
    m_Curve:
    - serializedVersion: 3
      time: 0
      value: 0
      inSlope: 0
      outSlope: 0
      tangentMode: 0
      weightedMode: 0
      inWeight: 0.33333334
      outWeight: 0.33333334
    m_PreInfinity: 2
    m_PostInfinity: 2
    m_RotationOrder: 4
  spreadCustomCurve:
    serializedVersion: 2
    m_Curve:
    - serializedVersion: 3
      time: 0
      value: 0
      inSlope: 0
      outSlope: 0
      tangentMode: 0
      weightedMode: 0
      inWeight: 0.33333334
      outWeight: 0.33333334
    m_PreInfinity: 2
    m_PostInfinity: 2
    m_RotationOrder: 4
  reverbZoneMixCustomCurve:
    serializedVersion: 2
    m_Curve:
    - serializedVersion: 3
      time: 0
      value: 1
      inSlope: 0
      outSlope: 0
      tangentMode: 0
      weightedMode: 0
      inWeight: 0.33333334
      outWeight: 0.33333334
    m_PreInfinity: 2
    m_PostInfinity: 2
    m_RotationOrder: 4
--- !u!114 &2136171850915847959
MonoBehaviour:
  m_ObjectHideFlags: 0
  m_CorrespondingSourceObject: {fileID: 0}
  m_PrefabInstance: {fileID: 0}
  m_PrefabAsset: {fileID: 0}
  m_GameObject: {fileID: 6071427436343954558}
  m_Enabled: 1
  m_EditorHideFlags: 0
  m_Script: {fileID: 11500000, guid: dd7fea91fe63f4e1b884ef1e16a975c3, type: 3}
  m_Name: 
  m_EditorClassIdentifier: 
  logLevel: 3
  ignoreGlobalLogLevel: 0
  playbackOnlyWhenEnabled: 0
  playDelayMs: -1
  playbackDelaySettings:
    MinDelaySoft: 200
    MaxDelaySoft: 400
    MaxDelayHard: 1000
--- !u!114 &7936799487907108505
MonoBehaviour:
  m_ObjectHideFlags: 0
  m_CorrespondingSourceObject: {fileID: 0}
  m_PrefabInstance: {fileID: 0}
  m_PrefabAsset: {fileID: 0}
  m_GameObject: {fileID: 6071427436343954558}
  m_Enabled: 1
  m_EditorHideFlags: 0
  m_Script: {fileID: 11500000, guid: cdc22e5ed2d226e4c9e2076e353a2191, type: 3}
  m_Name: 
  m_EditorClassIdentifier: 
  spritePart:
  - {fileID: 4564317088745542408}
  - {fileID: 4564317088425351039}
  - {fileID: 4564317088538455313}
  - {fileID: 4564317089819057944}
  - {fileID: 9146653419920816546}
  - {fileID: 4564317088658839098}
  - {fileID: 4564317089476238185}
  - {fileID: 4564317090336037623}
  - {fileID: 4564317090127201011}
  - {fileID: 4564317090161466431}
  mouthOption:
  - {fileID: 21300000, guid: b11c313e0472ab443b1e458411fc0c46, type: 3}
  - {fileID: 21300000, guid: 0f2a38765a1e09f4c876918dc77bbfc9, type: 3}
  - {fileID: 21300000, guid: 63133fd434e4b0747bf4b5d43dc60cf9, type: 3}
  - {fileID: 21300000, guid: 4444283f34e30f045afe55ca8a1c427e, type: 3}
  - {fileID: 21300000, guid: 15d787b7a92709448991f346294a2789, type: 3}
  - {fileID: 21300000, guid: 6d00933be65a618458346c3b82cb0119, type: 3}
  - {fileID: 21300000, guid: f382661a0ec5e264b844785a1534f269, type: 3}
  hairOptions:
  - {fileID: 0}
  - {fileID: 21300000, guid: fafd5eaea04379b4d970a588df12d4fc, type: 3}
  - {fileID: 21300000, guid: 883a55bf8849165438799bf892f17bd0, type: 3}
  - {fileID: 21300000, guid: 670fd0e315c0f404681c4e94b1a3760b, type: 3}
  faceOptions:
  - {fileID: 0}
  - {fileID: 21300000, guid: 83bda7f4d0843fb4089a0f6b205d7eb1, type: 3}
  - {fileID: 21300000, guid: cdae95081a0a54a48a7966f31f347a95, type: 3}
  bodyOptions:
  - {fileID: 21300000, guid: 1e730463249e65147a525c1b6367a204, type: 3}
  - {fileID: 21300000, guid: c740a2042f3128d40a1de11597549c98, type: 3}
  - {fileID: 21300000, guid: 9ae1e1df537b797469756fd34669a2cb, type: 3}
  - {fileID: 21300000, guid: 2ea584796746a6840a7efd54eb9d8b6a, type: 3}
  - {fileID: 21300000, guid: b8e566221fc79b8438801951f3b373e8, type: 3}
  - {fileID: 21300000, guid: e1edf99b9fbbc6c47b8e55be62bf798f, type: 3}
  - {fileID: 21300000, guid: b11cbc7dd691a2049b345c59a99c9d5d, type: 3}
  muscleOptions:
  - {fileID: 21300000, guid: 632982a1e04822244a36742bc52f67de, type: 3}
  - {fileID: 21300000, guid: a16a1ad0d23d6a64ab04a2d3e0a64d2d, type: 3}
  - {fileID: 21300000, guid: 5f82a50b0aa202a41a94bde58ee3321a, type: 3}
  - {fileID: 21300000, guid: bff58e880fca8994da9d938f5055ff0d, type: 3}
  - {fileID: 21300000, guid: 83f07c953994af047a6f8a755bd23e43, type: 3}
  - {fileID: 21300000, guid: 49789d26737ed8344add1c35b8ee1aa8, type: 3}
  - {fileID: 21300000, guid: 2ca2a784bae1a81478ae4bf181e85ac1, type: 3}
  topBodyOptions:
  - {fileID: 0}
  - {fileID: 21300000, guid: b3c9e62331e6b45478c153a1227d3c9a, type: 3}
  - {fileID: 21300000, guid: 8752d0f057850cc4cb063598106e626e, type: 3}
  - {fileID: 21300000, guid: 98f511d3e8c1af54a9c1e15f68836589, type: 3}
  - {fileID: 21300000, guid: e63032144dd874d4aa32380b5d75bbe7, type: 3}
  arm1Options:
  - {fileID: 21300000, guid: fa52749620e4c9a4e9959aec11423ac6, type: 3}
  - {fileID: 21300000, guid: d1966b7428154184d8b657defb2d54a1, type: 3}
  - {fileID: 21300000, guid: a4738ecf9be43f14682d2fe4d61c92d6, type: 3}
  - {fileID: 21300000, guid: 2fb0d0c6c49b2144bac2cdb2fb608075, type: 3}
  - {fileID: 21300000, guid: f919cd4714586ba4f8605d68a8ee4c48, type: 3}
  - {fileID: 21300000, guid: f15794edaf0c35d4f8ecfbbaf33f7c22, type: 3}
  - {fileID: 21300000, guid: c83cfb198c9c9a941a84070599a9e8d2, type: 3}
  arm2Options:
  - {fileID: 21300000, guid: 6da87e3495276e144a33f3d650c6fbf8, type: 3}
  - {fileID: 21300000, guid: 23a097459a83b9d48b00fdc701b2def8, type: 3}
  - {fileID: 21300000, guid: d3f9b6c6106e33040a3aade2070b75d5, type: 3}
  - {fileID: 21300000, guid: 600df531eba231841bf46f684c92e715, type: 3}
  - {fileID: 21300000, guid: a977595086083824083f7d9a437fd939, type: 3}
  - {fileID: 21300000, guid: 600ec4f98ef9d834d97aaeb14a305c8d, type: 3}
  - {fileID: 21300000, guid: e851a6add512d2948a0ce9d900493708, type: 3}
  handOptions:
  - {fileID: 21300000, guid: e6a0cf617df892e48922abaa7a0a8105, type: 3}
  - {fileID: 21300000, guid: b525f597bc2c29c488e9bfc8e0fb74d9, type: 3}
  - {fileID: 21300000, guid: 87733877e94e77f4e9d93fc1cd74565b, type: 3}
  - {fileID: 21300000, guid: 4e3d99faa52626142abbe31a221e0998, type: 3}
  - {fileID: 21300000, guid: 10be1ddf82262824e970414a62ab9a06, type: 3}
  - {fileID: 21300000, guid: 193e3b90e8b88c54eaea1b6840a7d4b1, type: 3}
  - {fileID: 21300000, guid: 603a35f9c282b044c921ed9931f511a4, type: 3}
  bottomOptions:
  - {fileID: 0}
  - {fileID: 21300000, guid: c68a338839a49eb418a787bc88a3c345, type: 3}
  - {fileID: 21300000, guid: ef9952d4b7dba534ba84902c8e0d611b, type: 3}
  - {fileID: 21300000, guid: 0f37e5b1562a9b244831fa9cd6632af6, type: 3}
  - {fileID: 21300000, guid: 8bc5c4163ec734847a0a301fcc89e9da, type: 3}
  - {fileID: 21300000, guid: d10cf35c560290a428acb2b27bfa881f, type: 3}
  index: 00000000000000000000000000000000000000000000000000000000000000000000000000000000
--- !u!1 &6795955280848040600
GameObject:
  m_ObjectHideFlags: 0
  m_CorrespondingSourceObject: {fileID: 0}
  m_PrefabInstance: {fileID: 0}
  m_PrefabAsset: {fileID: 0}
  serializedVersion: 6
  m_Component:
  - component: {fileID: 5485712958547549459}
  - component: {fileID: 4585397267172768362}
  - component: {fileID: 3616009956275214215}
  - component: {fileID: 6282442655467981019}
  m_Layer: 5
  m_Name: NameCanvas
  m_TagString: Untagged
  m_Icon: {fileID: 0}
  m_NavMeshLayer: 0
  m_StaticEditorFlags: 0
  m_IsActive: 1
--- !u!224 &5485712958547549459
RectTransform:
  m_ObjectHideFlags: 0
  m_CorrespondingSourceObject: {fileID: 0}
  m_PrefabInstance: {fileID: 0}
  m_PrefabAsset: {fileID: 0}
  m_GameObject: {fileID: 6795955280848040600}
  m_LocalRotation: {x: -0, y: -0, z: -0, w: 1}
  m_LocalPosition: {x: 0, y: 0, z: 0}
  m_LocalScale: {x: 0.03, y: 0.03, z: 1}
  m_Children:
  - {fileID: 4335186276266938946}
  m_Father: {fileID: 6071427436343954557}
  m_RootOrder: 1
  m_LocalEulerAnglesHint: {x: 0, y: 0, z: 0}
  m_AnchorMin: {x: 0, y: 0}
  m_AnchorMax: {x: 0, y: 0}
  m_AnchoredPosition: {x: 0, y: 2.91}
  m_SizeDelta: {x: 200, y: 50}
  m_Pivot: {x: 0.5, y: 0.5}
--- !u!223 &4585397267172768362
Canvas:
  m_ObjectHideFlags: 0
  m_CorrespondingSourceObject: {fileID: 0}
  m_PrefabInstance: {fileID: 0}
  m_PrefabAsset: {fileID: 0}
  m_GameObject: {fileID: 6795955280848040600}
  m_Enabled: 1
  serializedVersion: 3
  m_RenderMode: 2
  m_Camera: {fileID: 0}
  m_PlaneDistance: 100
  m_PixelPerfect: 0
  m_ReceivesEvents: 1
  m_OverrideSorting: 0
  m_OverridePixelPerfect: 0
  m_SortingBucketNormalizedSize: 0
  m_AdditionalShaderChannelsFlag: 25
  m_SortingLayerID: 0
  m_SortingOrder: 10
  m_TargetDisplay: 0
--- !u!114 &3616009956275214215
MonoBehaviour:
  m_ObjectHideFlags: 0
  m_CorrespondingSourceObject: {fileID: 0}
  m_PrefabInstance: {fileID: 0}
  m_PrefabAsset: {fileID: 0}
  m_GameObject: {fileID: 6795955280848040600}
  m_Enabled: 1
  m_EditorHideFlags: 0
  m_Script: {fileID: 11500000, guid: 0cd44c1031e13a943bb63640046fad76, type: 3}
  m_Name: 
  m_EditorClassIdentifier: 
  m_UiScaleMode: 0
  m_ReferencePixelsPerUnit: 100
  m_ScaleFactor: 1
  m_ReferenceResolution: {x: 800, y: 600}
  m_ScreenMatchMode: 0
  m_MatchWidthOrHeight: 0
  m_PhysicalUnit: 3
  m_FallbackScreenDPI: 96
  m_DefaultSpriteDPI: 96
  m_DynamicPixelsPerUnit: 1
--- !u!114 &6282442655467981019
MonoBehaviour:
  m_ObjectHideFlags: 0
  m_CorrespondingSourceObject: {fileID: 0}
  m_PrefabInstance: {fileID: 0}
  m_PrefabAsset: {fileID: 0}
  m_GameObject: {fileID: 6795955280848040600}
  m_Enabled: 1
  m_EditorHideFlags: 0
  m_Script: {fileID: 11500000, guid: dc42784cf147c0c48a680349fa168899, type: 3}
  m_Name: 
  m_EditorClassIdentifier: 
  m_IgnoreReversedGraphics: 1
  m_BlockingObjects: 0
  m_BlockingMask:
    serializedVersion: 2
    m_Bits: 4294967295
--- !u!1 &7388771813766979371
GameObject:
  m_ObjectHideFlags: 0
  m_CorrespondingSourceObject: {fileID: 0}
  m_PrefabInstance: {fileID: 0}
  m_PrefabAsset: {fileID: 0}
  serializedVersion: 6
  m_Component:
  - component: {fileID: 4130636640281292370}
  - component: {fileID: 2276093792951717216}
  - component: {fileID: 8855946210008013400}
  - component: {fileID: 2077168467592460941}
  - component: {fileID: 4507185614632061797}
  - component: {fileID: 5136988949030269396}
  m_Layer: 13
  m_Name: ThrowTriggerZone
  m_TagString: ThrowTriggerZone
  m_Icon: {fileID: 0}
  m_NavMeshLayer: 0
  m_StaticEditorFlags: 0
  m_IsActive: 1
--- !u!4 &4130636640281292370
Transform:
  m_ObjectHideFlags: 0
  m_CorrespondingSourceObject: {fileID: 0}
  m_PrefabInstance: {fileID: 0}
  m_PrefabAsset: {fileID: 0}
  m_GameObject: {fileID: 7388771813766979371}
  m_LocalRotation: {x: -0, y: -0, z: -0, w: 1}
  m_LocalPosition: {x: 3.7, y: 1.1, z: 1}
  m_LocalScale: {x: 1, y: 5, z: 1}
  m_Children: []
  m_Father: {fileID: 2986447681616003714}
  m_RootOrder: 2
  m_LocalEulerAnglesHint: {x: 0, y: 0, z: 0}
--- !u!33 &2276093792951717216
MeshFilter:
  m_ObjectHideFlags: 0
  m_CorrespondingSourceObject: {fileID: 0}
  m_PrefabInstance: {fileID: 0}
  m_PrefabAsset: {fileID: 0}
  m_GameObject: {fileID: 7388771813766979371}
  m_Mesh: {fileID: 10202, guid: 0000000000000000e000000000000000, type: 0}
--- !u!23 &8855946210008013400
MeshRenderer:
  m_ObjectHideFlags: 0
  m_CorrespondingSourceObject: {fileID: 0}
  m_PrefabInstance: {fileID: 0}
  m_PrefabAsset: {fileID: 0}
  m_GameObject: {fileID: 7388771813766979371}
  m_Enabled: 0
  m_CastShadows: 1
  m_ReceiveShadows: 1
  m_DynamicOccludee: 1
  m_MotionVectors: 1
  m_LightProbeUsage: 1
  m_ReflectionProbeUsage: 1
  m_RayTracingMode: 2
  m_RenderingLayerMask: 1
  m_RendererPriority: 0
  m_Materials:
  - {fileID: 10303, guid: 0000000000000000f000000000000000, type: 0}
  m_StaticBatchInfo:
    firstSubMesh: 0
    subMeshCount: 0
  m_StaticBatchRoot: {fileID: 0}
  m_ProbeAnchor: {fileID: 0}
  m_LightProbeVolumeOverride: {fileID: 0}
  m_ScaleInLightmap: 1
  m_ReceiveGI: 1
  m_PreserveUVs: 0
  m_IgnoreNormalsForChartDetection: 0
  m_ImportantGI: 0
  m_StitchLightmapSeams: 1
  m_SelectedEditorRenderState: 3
  m_MinimumChartSize: 4
  m_AutoUVMaxDistance: 0.5
  m_AutoUVMaxAngle: 89
  m_LightmapParameters: {fileID: 0}
  m_SortingLayerID: 0
  m_SortingLayer: 0
  m_SortingOrder: 0
--- !u!61 &2077168467592460941
BoxCollider2D:
  m_ObjectHideFlags: 0
  m_CorrespondingSourceObject: {fileID: 0}
  m_PrefabInstance: {fileID: 0}
  m_PrefabAsset: {fileID: 0}
  m_GameObject: {fileID: 7388771813766979371}
  m_Enabled: 0
  m_Density: 1
  m_Material: {fileID: 0}
  m_IsTrigger: 1
  m_UsedByEffector: 0
  m_UsedByComposite: 0
  m_Offset: {x: -0.28811848, y: 0.049375713}
  m_SpriteTilingProperty:
    border: {x: 0, y: 0, z: 0, w: 0}
    pivot: {x: 0, y: 0}
    oldSize: {x: 0, y: 0}
    newSize: {x: 0, y: 0}
    adaptiveTilingThreshold: 0
    drawMode: 0
    adaptiveTiling: 0
  m_AutoTiling: 0
  serializedVersion: 2
  m_Size: {x: 0.42376304, y: 0.71893847}
  m_EdgeRadius: 0
--- !u!50 &4507185614632061797
Rigidbody2D:
  serializedVersion: 4
  m_ObjectHideFlags: 0
  m_CorrespondingSourceObject: {fileID: 0}
  m_PrefabInstance: {fileID: 0}
  m_PrefabAsset: {fileID: 0}
  m_GameObject: {fileID: 7388771813766979371}
  m_BodyType: 1
  m_Simulated: 1
  m_UseFullKinematicContacts: 0
  m_UseAutoMass: 0
  m_Mass: 1
  m_LinearDrag: 0
  m_AngularDrag: 0.05
  m_GravityScale: 0
  m_Material: {fileID: 0}
  m_Interpolate: 0
  m_SleepingMode: 1
  m_CollisionDetection: 0
  m_Constraints: 0
--- !u!114 &5136988949030269396
MonoBehaviour:
  m_ObjectHideFlags: 0
  m_CorrespondingSourceObject: {fileID: 0}
  m_PrefabInstance: {fileID: 0}
  m_PrefabAsset: {fileID: 0}
  m_GameObject: {fileID: 7388771813766979371}
  m_Enabled: 1
  m_EditorHideFlags: 0
  m_Script: {fileID: 11500000, guid: aa584fbee541324448dd18d8409c7a41, type: 3}
  m_Name: 
  m_EditorClassIdentifier: 
  ObservedComponentsFoldoutOpen: 1
  Group: 0
  prefixField: -1
  observableSearch: 2
  Synchronization: 3
  OwnershipTransfer: 0
  ObservedComponents: []
  viewIdField: 0
  InstantiationId: 0
  isRuntimeInstantiated: 0
--- !u!1 &8556588362075921039
GameObject:
  m_ObjectHideFlags: 0
  m_CorrespondingSourceObject: {fileID: 0}
  m_PrefabInstance: {fileID: 0}
  m_PrefabAsset: {fileID: 0}
  serializedVersion: 6
  m_Component:
  - component: {fileID: 2986447681616003714}
  - component: {fileID: 1720732413901239288}
  - component: {fileID: 1647282880071592368}
  m_Layer: 0
  m_Name: Parent
  m_TagString: Untagged
  m_Icon: {fileID: 0}
  m_NavMeshLayer: 0
  m_StaticEditorFlags: 0
  m_IsActive: 1
--- !u!4 &2986447681616003714
Transform:
  m_ObjectHideFlags: 0
  m_CorrespondingSourceObject: {fileID: 0}
  m_PrefabInstance: {fileID: 0}
  m_PrefabAsset: {fileID: 0}
  m_GameObject: {fileID: 8556588362075921039}
  m_LocalRotation: {x: 0, y: 0, z: 0, w: 1}
  m_LocalPosition: {x: 0, y: 0, z: 1}
  m_LocalScale: {x: 1, y: 1, z: 1}
  m_Children:
  - {fileID: 4564317088588878917}
  - {fileID: 4820476857003832385}
  - {fileID: 4130636640281292370}
  - {fileID: 5585501243311215501}
  m_Father: {fileID: 6071427436343954557}
  m_RootOrder: 0
  m_LocalEulerAnglesHint: {x: 0, y: 0, z: 0}
--- !u!114 &1720732413901239288
MonoBehaviour:
  m_ObjectHideFlags: 0
  m_CorrespondingSourceObject: {fileID: 0}
  m_PrefabInstance: {fileID: 0}
  m_PrefabAsset: {fileID: 0}
  m_GameObject: {fileID: 8556588362075921039}
  m_Enabled: 1
  m_EditorHideFlags: 0
  m_Script: {fileID: 11500000, guid: aa584fbee541324448dd18d8409c7a41, type: 3}
  m_Name: 
  m_EditorClassIdentifier: 
  ObservedComponentsFoldoutOpen: 1
  Group: 0
  prefixField: -1
  observableSearch: 2
  Synchronization: 3
  OwnershipTransfer: 0
  ObservedComponents:
  - {fileID: 1647282880071592368}
  viewIdField: 0
  InstantiationId: 0
  isRuntimeInstantiated: 0
--- !u!114 &1647282880071592368
MonoBehaviour:
  m_ObjectHideFlags: 0
  m_CorrespondingSourceObject: {fileID: 0}
  m_PrefabInstance: {fileID: 0}
  m_PrefabAsset: {fileID: 0}
  m_GameObject: {fileID: 8556588362075921039}
  m_Enabled: 1
  m_EditorHideFlags: 0
  m_Script: {fileID: 11500000, guid: 627855c7f81362d41938ffe0b1475957, type: 3}
  m_Name: 
  m_EditorClassIdentifier: 
  m_SynchronizePosition: 1
  m_SynchronizeRotation: 0
  m_SynchronizeScale: 1
  m_UseLocal: 1
--- !u!1001 &4647209135847972452
PrefabInstance:
  m_ObjectHideFlags: 0
  serializedVersion: 2
  m_Modification:
    m_TransformParent: {fileID: 2986447681616003714}
    m_Modifications:
    - target: {fileID: 9162998005900690702, guid: 0329e9ffda8f782499dba6458db83f91,
        type: 3}
      propertyPath: m_LocalRotation.w
      value: -0.9998963
      objectReference: {fileID: 0}
    - target: {fileID: 9162998005900690702, guid: 0329e9ffda8f782499dba6458db83f91,
        type: 3}
      propertyPath: m_LocalRotation.z
      value: 0.014401954
      objectReference: {fileID: 0}
    - target: {fileID: 9162998006456114328, guid: 0329e9ffda8f782499dba6458db83f91,
        type: 3}
      propertyPath: m_LocalRotation.w
      value: 0.99713045
      objectReference: {fileID: 0}
    - target: {fileID: 9162998006456114328, guid: 0329e9ffda8f782499dba6458db83f91,
        type: 3}
      propertyPath: m_LocalRotation.z
      value: 0.07570276
      objectReference: {fileID: 0}
    - target: {fileID: 9162998007333833249, guid: 0329e9ffda8f782499dba6458db83f91,
        type: 3}
      propertyPath: m_RootOrder
      value: 0
      objectReference: {fileID: 0}
    - target: {fileID: 9162998007333833249, guid: 0329e9ffda8f782499dba6458db83f91,
        type: 3}
      propertyPath: m_LocalPosition.x
      value: 0
      objectReference: {fileID: 0}
    - target: {fileID: 9162998007333833249, guid: 0329e9ffda8f782499dba6458db83f91,
        type: 3}
      propertyPath: m_LocalPosition.y
      value: 0
      objectReference: {fileID: 0}
    - target: {fileID: 9162998007333833249, guid: 0329e9ffda8f782499dba6458db83f91,
        type: 3}
      propertyPath: m_LocalPosition.z
      value: 0
      objectReference: {fileID: 0}
    - target: {fileID: 9162998007333833249, guid: 0329e9ffda8f782499dba6458db83f91,
        type: 3}
      propertyPath: m_LocalRotation.w
      value: 1
      objectReference: {fileID: 0}
    - target: {fileID: 9162998007333833249, guid: 0329e9ffda8f782499dba6458db83f91,
        type: 3}
      propertyPath: m_LocalRotation.x
      value: 0
      objectReference: {fileID: 0}
    - target: {fileID: 9162998007333833249, guid: 0329e9ffda8f782499dba6458db83f91,
        type: 3}
      propertyPath: m_LocalRotation.y
      value: 0
      objectReference: {fileID: 0}
    - target: {fileID: 9162998007333833249, guid: 0329e9ffda8f782499dba6458db83f91,
        type: 3}
      propertyPath: m_LocalRotation.z
      value: 0
      objectReference: {fileID: 0}
    - target: {fileID: 9162998007333833249, guid: 0329e9ffda8f782499dba6458db83f91,
        type: 3}
      propertyPath: m_LocalEulerAnglesHint.x
      value: 0
      objectReference: {fileID: 0}
    - target: {fileID: 9162998007333833249, guid: 0329e9ffda8f782499dba6458db83f91,
        type: 3}
      propertyPath: m_LocalEulerAnglesHint.y
      value: 0
      objectReference: {fileID: 0}
    - target: {fileID: 9162998007333833249, guid: 0329e9ffda8f782499dba6458db83f91,
        type: 3}
      propertyPath: m_LocalEulerAnglesHint.z
      value: 0
      objectReference: {fileID: 0}
    - target: {fileID: 9162998007333833251, guid: 0329e9ffda8f782499dba6458db83f91,
        type: 3}
      propertyPath: m_Name
      value: TengCustomize
      objectReference: {fileID: 0}
    m_RemovedComponents: []
  m_SourcePrefab: {fileID: 100100000, guid: 0329e9ffda8f782499dba6458db83f91, type: 3}
--- !u!1 &4564317088533951395 stripped
GameObject:
  m_CorrespondingSourceObject: {fileID: 9162998007378259399, guid: 0329e9ffda8f782499dba6458db83f91,
    type: 3}
  m_PrefabInstance: {fileID: 4647209135847972452}
  m_PrefabAsset: {fileID: 0}
--- !u!212 &4564317090161466431 stripped
SpriteRenderer:
  m_CorrespondingSourceObject: {fileID: 9162998006826041947, guid: 0329e9ffda8f782499dba6458db83f91,
    type: 3}
  m_PrefabInstance: {fileID: 4647209135847972452}
  m_PrefabAsset: {fileID: 0}
--- !u!1 &4564317090370910996 stripped
GameObject:
  m_CorrespondingSourceObject: {fileID: 9162998006766003568, guid: 0329e9ffda8f782499dba6458db83f91,
    type: 3}
  m_PrefabInstance: {fileID: 4647209135847972452}
  m_PrefabAsset: {fileID: 0}
--- !u!212 &4564317090127201011 stripped
SpriteRenderer:
  m_CorrespondingSourceObject: {fileID: 9162998006456114327, guid: 0329e9ffda8f782499dba6458db83f91,
    type: 3}
  m_PrefabInstance: {fileID: 4647209135847972452}
  m_PrefabAsset: {fileID: 0}
--- !u!212 &4564317090336037623 stripped
SpriteRenderer:
  m_CorrespondingSourceObject: {fileID: 9162998006659826835, guid: 0329e9ffda8f782499dba6458db83f91,
    type: 3}
  m_PrefabInstance: {fileID: 4647209135847972452}
  m_PrefabAsset: {fileID: 0}
--- !u!212 &4564317088658839098 stripped
SpriteRenderer:
  m_CorrespondingSourceObject: {fileID: 9162998007403792478, guid: 0329e9ffda8f782499dba6458db83f91,
    type: 3}
  m_PrefabInstance: {fileID: 4647209135847972452}
  m_PrefabAsset: {fileID: 0}
--- !u!212 &9146653419920816546 stripped
SpriteRenderer:
  m_CorrespondingSourceObject: {fileID: 4508460315995203526, guid: 0329e9ffda8f782499dba6458db83f91,
    type: 3}
  m_PrefabInstance: {fileID: 4647209135847972452}
  m_PrefabAsset: {fileID: 0}
--- !u!212 &4564317089819057944 stripped
SpriteRenderer:
  m_CorrespondingSourceObject: {fileID: 9162998006243639676, guid: 0329e9ffda8f782499dba6458db83f91,
    type: 3}
  m_PrefabInstance: {fileID: 4647209135847972452}
  m_PrefabAsset: {fileID: 0}
--- !u!212 &4564317088538455313 stripped
SpriteRenderer:
  m_CorrespondingSourceObject: {fileID: 9162998007384208245, guid: 0329e9ffda8f782499dba6458db83f91,
    type: 3}
  m_PrefabInstance: {fileID: 4647209135847972452}
  m_PrefabAsset: {fileID: 0}
--- !u!212 &4564317088425351039 stripped
SpriteRenderer:
  m_CorrespondingSourceObject: {fileID: 9162998006968846619, guid: 0329e9ffda8f782499dba6458db83f91,
    type: 3}
  m_PrefabInstance: {fileID: 4647209135847972452}
  m_PrefabAsset: {fileID: 0}
--- !u!212 &4564317088745542408 stripped
SpriteRenderer:
  m_CorrespondingSourceObject: {fileID: 9162998007317613932, guid: 0329e9ffda8f782499dba6458db83f91,
    type: 3}
  m_PrefabInstance: {fileID: 4647209135847972452}
  m_PrefabAsset: {fileID: 0}
--- !u!4 &4564317088588878917 stripped
Transform:
  m_CorrespondingSourceObject: {fileID: 9162998007333833249, guid: 0329e9ffda8f782499dba6458db83f91,
    type: 3}
  m_PrefabInstance: {fileID: 4647209135847972452}
  m_PrefabAsset: {fileID: 0}
--- !u!1 &4564317088588878919 stripped
GameObject:
  m_CorrespondingSourceObject: {fileID: 9162998007333833251, guid: 0329e9ffda8f782499dba6458db83f91,
    type: 3}
  m_PrefabInstance: {fileID: 4647209135847972452}
  m_PrefabAsset: {fileID: 0}
--- !u!212 &4564317089476238185 stripped
SpriteRenderer:
  m_CorrespondingSourceObject: {fileID: 9162998005900690701, guid: 0329e9ffda8f782499dba6458db83f91,
    type: 3}
  m_PrefabInstance: {fileID: 4647209135847972452}
  m_PrefabAsset: {fileID: 0}
--- !u!4 &4564317088533951393 stripped
Transform:
  m_CorrespondingSourceObject: {fileID: 9162998007378259397, guid: 0329e9ffda8f782499dba6458db83f91,
    type: 3}
  m_PrefabInstance: {fileID: 4647209135847972452}
  m_PrefabAsset: {fileID: 0}
--- !u!1001 &9113147704912252915
PrefabInstance:
  m_ObjectHideFlags: 0
  serializedVersion: 2
  m_Modification:
    m_TransformParent: {fileID: 2986447681616003714}
    m_Modifications:
    - target: {fileID: 4367824941735902130, guid: 1d16a89b3eb2a73499f6e856e38d0481,
        type: 3}
      propertyPath: m_RootOrder
      value: 1
      objectReference: {fileID: 0}
    - target: {fileID: 4367824941735902130, guid: 1d16a89b3eb2a73499f6e856e38d0481,
        type: 3}
      propertyPath: m_LocalPosition.x
      value: 0
      objectReference: {fileID: 0}
    - target: {fileID: 4367824941735902130, guid: 1d16a89b3eb2a73499f6e856e38d0481,
        type: 3}
      propertyPath: m_LocalPosition.y
      value: 0
      objectReference: {fileID: 0}
    - target: {fileID: 4367824941735902130, guid: 1d16a89b3eb2a73499f6e856e38d0481,
        type: 3}
      propertyPath: m_LocalPosition.z
      value: -15
      objectReference: {fileID: 0}
    - target: {fileID: 4367824941735902130, guid: 1d16a89b3eb2a73499f6e856e38d0481,
        type: 3}
      propertyPath: m_LocalRotation.w
      value: 1
      objectReference: {fileID: 0}
    - target: {fileID: 4367824941735902130, guid: 1d16a89b3eb2a73499f6e856e38d0481,
        type: 3}
      propertyPath: m_LocalRotation.x
      value: -0
      objectReference: {fileID: 0}
    - target: {fileID: 4367824941735902130, guid: 1d16a89b3eb2a73499f6e856e38d0481,
        type: 3}
      propertyPath: m_LocalRotation.y
      value: -0
      objectReference: {fileID: 0}
    - target: {fileID: 4367824941735902130, guid: 1d16a89b3eb2a73499f6e856e38d0481,
        type: 3}
      propertyPath: m_LocalRotation.z
      value: -0
      objectReference: {fileID: 0}
    - target: {fileID: 4367824941735902130, guid: 1d16a89b3eb2a73499f6e856e38d0481,
        type: 3}
      propertyPath: m_LocalEulerAnglesHint.x
      value: 0
      objectReference: {fileID: 0}
    - target: {fileID: 4367824941735902130, guid: 1d16a89b3eb2a73499f6e856e38d0481,
        type: 3}
      propertyPath: m_LocalEulerAnglesHint.y
      value: 0
      objectReference: {fileID: 0}
    - target: {fileID: 4367824941735902130, guid: 1d16a89b3eb2a73499f6e856e38d0481,
        type: 3}
      propertyPath: m_LocalEulerAnglesHint.z
      value: 0
      objectReference: {fileID: 0}
    - target: {fileID: 6978989568112510518, guid: 1d16a89b3eb2a73499f6e856e38d0481,
        type: 3}
      propertyPath: m_Name
      value: PlayerCamera
      objectReference: {fileID: 0}
    m_RemovedComponents: []
  m_SourcePrefab: {fileID: 100100000, guid: 1d16a89b3eb2a73499f6e856e38d0481, type: 3}
--- !u!4 &4820476857003832385 stripped
Transform:
  m_CorrespondingSourceObject: {fileID: 4367824941735902130, guid: 1d16a89b3eb2a73499f6e856e38d0481,
    type: 3}
  m_PrefabInstance: {fileID: 9113147704912252915}
  m_PrefabAsset: {fileID: 0}
